<record><leader>00000cas a2200000 a 4500</leader><controlfield tag="001">12739660</controlfield><controlfield tag="008">851030d19191920wiuwr ne      0    0eng c</controlfield><datafield ind1=" " ind2=" " tag="010"><subfield code="a">sn 85041340 </subfield></datafield><datafield ind1=" " ind2=" " tag="040"><subfield code="a">NPV</subfield><subfield code="b">eng</subfield><subfield code="c">NPV</subfield><subfield code="d">CUI</subfield><subfield code="d">OCLCQ</subfield><subfield code="d">OCLCF</subfield></datafield><datafield ind1=" " ind2=" " tag="042"><subfield code="a">pcc</subfield></datafield><datafield ind1=" " ind2=" " tag="043"><subfield code="a">n-us-wi</subfield></datafield><datafield ind1=" " ind2="4" tag="050"><subfield code="a">AN</subfield></datafield><datafield ind1="0" ind2="4" tag="245"><subfield code="a">The Wisconsin state register and Portage weekly democrat.</subfield></datafield><datafield ind1="3" ind2=" " tag="246"><subfield code="a">State register and Portage democrat</subfield></datafield><datafield ind1="3" ind2=" " tag="246"><subfield code="a">Wisconsin state register-democrat</subfield></datafield><datafield ind1="3" ind2=" " tag="246"><subfield code="a">Register-democrat</subfield></datafield><datafield ind1=" " ind2=" " tag="260"><subfield code="a">Portage, Columbia County, Wis. :</subfield><subfield code="b">Wisconsin State Register Co.,</subfield><subfield code="c">1919-1920.</subfield></datafield><datafield ind1=" " ind2=" " tag="300"><subfield code="a">v.</subfield></datafield><datafield ind1=" " ind2=" " tag="310"><subfield code="a">Weekly</subfield></datafield><datafield ind1="0" ind2=" " tag="362"><subfield code="a">Vol. 66, no. 3 (Apr. 11, 1919)-v. 67, no. 40 (Dec. 31, 1920).</subfield></datafield><datafield ind1=" " ind2=" " tag="580"><subfield code="a">Issued also in a daily edition called: Portage register-democrat.</subfield></datafield><datafield ind1=" " ind2="0" tag="651"><subfield code="a">Portage (Wis.)</subfield><subfield code="v">Newspapers.</subfield></datafield><datafield ind1=" " ind2="0" tag="651"><subfield code="a">Columbia County (Wis.)</subfield><subfield code="v">Newspapers.</subfield></datafield><datafield ind1=" " ind2="7" tag="655"><subfield code="a">Newspapers.</subfield><subfield code="2">fast</subfield><subfield code="0">(OCoLC)fst01423814</subfield></datafield><datafield ind1=" " ind2="7" tag="651"><subfield code="a">Wisconsin</subfield><subfield code="z">Columbia County.</subfield><subfield code="2">fast</subfield><subfield code="0">(OCoLC)fst01205460</subfield></datafield><datafield ind1=" " ind2="7" tag="651"><subfield code="a">Wisconsin</subfield><subfield code="z">Portage.</subfield><subfield code="2">fast</subfield><subfield code="0">(OCoLC)fst01212879</subfield></datafield><datafield ind1=" " ind2=" " tag="752"><subfield code="a">United States</subfield><subfield code="b">Wisconsin</subfield><subfield code="c">Columbia</subfield><subfield code="d">Portage.</subfield></datafield><datafield ind1="1" ind2=" " tag="775"><subfield code="t">Portage register-democrat</subfield><subfield code="w">(DLC)sn 87082088</subfield><subfield code="w">(OCoLC)15213146</subfield></datafield><datafield ind1="0" ind2="4" tag="780"><subfield code="t">Wisconsin state register (Portage, Wis. : 1861)</subfield><subfield code="w">(DLC)sn 85041339</subfield><subfield code="w">(OCoLC)12739610</subfield></datafield><datafield ind1="0" ind2="4" tag="780"><subfield code="t">Portage weekly democrat</subfield><subfield code="w">(DLC)sn 85041318</subfield><subfield code="w">(OCoLC)12616705</subfield></datafield><datafield ind1="0" ind2="0" tag="785"><subfield code="t">Wisconsin state register (Portage, Wis. : 1921)</subfield><subfield code="w">(DLC)sn 85041341</subfield><subfield code="w">(OCoLC)12739693</subfield></datafield></record>